@misc{WIKI,
	author = "Wikipedia",
	title = "Unified Modeling Language",
	howpublished = "\url {https://sk.wikipedia.org/wiki/Unified_Modeling_Language/}",
}

@misc{UMLUni,
	note={{Harald Storrle, Alexander Knapp. Unified Modeling Language 2.0. University of Innsbruck, University of Munich. 2006. (M. Word) }},
}

@misc{SDT,
	author = "Creately.com",
	title = "Sequence Diagram Tutorial",
	howpublished = "\url{https://creately.com/blog/diagrams/sequence-diagram-tutorial/}",
}